<record><leader>00000cas a22000007a 4500</leader><controlfield tag="001">33829611</controlfield><controlfield tag="008">951130d19371948azuwr ne      0    0eng d</controlfield><datafield ind1=" " ind2=" " tag="010"><subfield code="a">sn 95060639 </subfield></datafield><datafield ind1=" " ind2=" " tag="040"><subfield code="a">ANN</subfield><subfield code="b">eng</subfield><subfield code="c">ANN</subfield><subfield code="d">OCLCQ</subfield><subfield code="d">OCLCF</subfield><subfield code="d">OCLCO</subfield></datafield><datafield ind1="1" ind2=" " tag="029"><subfield code="a">AU@</subfield><subfield code="b">000025856347</subfield></datafield><datafield ind1=" " ind2=" " tag="042"><subfield code="a">msc</subfield></datafield><datafield ind1="0" ind2="0" tag="245"><subfield code="a">Southside progress.</subfield></datafield><datafield ind1=" " ind2=" " tag="260"><subfield code="a">Tempe, Ariz. :</subfield><subfield code="b">F.M. Jahn,</subfield><subfield code="c">1937-1948.</subfield></datafield><datafield ind1=" " ind2=" " tag="300"><subfield code="a">v.</subfield></datafield><datafield ind1=" " ind2=" " tag="310"><subfield code="a">Weekly</subfield></datafield><datafield ind1="0" ind2=" " tag="362"><subfield code="a">Vol. 1, no. 1(Apr. 29, 1937)-v. 12, no. 3 (May 20, 1948).</subfield></datafield><datafield ind1=" " ind2=" " tag="515"><subfield code="a">Publication suspended July 14, 1943-Apr. 14, 1944.</subfield></datafield><datafield ind1=" " ind2="0" tag="651"><subfield code="a">Tempe (Ariz.)</subfield><subfield code="v">Newspapers.</subfield></datafield><datafield ind1=" " ind2="7" tag="655"><subfield code="a">Newspapers.</subfield><subfield code="2">fast</subfield><subfield code="0">(OCoLC)fst01423814</subfield></datafield><datafield ind1=" " ind2="7" tag="651"><subfield code="a">Arizona</subfield><subfield code="z">Tempe.</subfield><subfield code="2">fast</subfield><subfield code="0">(OCoLC)fst01204821</subfield></datafield><datafield ind1=" " ind2=" " tag="752"><subfield code="a">United States</subfield><subfield code="b">Arizona</subfield><subfield code="c">Maricopa</subfield><subfield code="d">Tempe.</subfield></datafield><datafield ind1="0" ind2="0" tag="785"><subfield code="t">Scottsdale progress (Scottsdale, Ariz. : 1948)</subfield><subfield code="w">(DLC)sn 95060640</subfield></datafield></record>